<?xml version="1.0" encoding="UTF-8"?><collection xmlns="http://www.loc.gov/MARC21/slim"><record><leader>00446nam--2200169-i-4500</leader><controlfield tag="001">000006313</controlfield><controlfield tag="002">20161230</controlfield><controlfield tag="005">20161230201026</controlfield><controlfield tag="008">060222s1000------------r-----000-0-eng-d</controlfield><datafield ind1=" " ind2=" " tag="040"><subfield code="a">IFIN-HH</subfield></datafield><datafield ind1=" " ind2=" " tag="080"><subfield code="a">523.1</subfield></datafield><datafield ind1="1" ind2=" " tag="100"><subfield code="a">Bergsoe, Paul</subfield></datafield><datafield ind1="1" ind2="0" tag="245"><subfield code="a">The universe and man</subfield><subfield code="b">Translated by katherine john</subfield><subfield code="c">Paul bergsoe</subfield></datafield><datafield ind1=" " ind2=" " tag="260"><subfield code="a">London</subfield><subfield code="b">Methuen &amp; Co., Ltd</subfield><subfield code="c">1962</subfield></datafield><datafield ind1=" " ind2=" " tag="300"><subfield code="a">X + 234 P</subfield></datafield><datafield ind1=" " ind2=" " tag="852"><subfield code="a">18782</subfield><subfield code="c">523</subfield></datafield><datafield ind1=" " ind2=" " tag="CAT"><subfield code="a">Sys</subfield><subfield code="c">20130828</subfield><subfield code="h">135358</subfield></datafield></record></collection>